%%%%%%%%%%%%%%%%%%%%%%%%%%%%%%%%%%%%%%%%%%%%%%%%%%
% Covariance stuff
%%%%%%%%%%%%%%%%%%%%%%%%%%%%%%%%%%%%%%%%%%%%%%%%%%


@article{levina2012partial,
  title={Partial estimation of covariance matrices},
  author={Levina, Elizaveta and Vershynin, Roman},
  journal={Probability theory and related fields},
  volume={153},
  number={3-4},
  pages={405--419},
  year={2012},
  publisher={Springer}
}


%%%%%%%%%%%%%%%%%%%%%%%%%%%%%%%%%%%%%%%%%%%%%%%%%%%%%%%%%%%%
%% Profile likelihood
%%%%%%%%%%%%%%%%%%%%%%%%%%%%%%%%%%%%%%%%%%%%%%%%%%%%%%%%%%%% 

@article{murphy2000profile,
  title={On profile likelihood},
  author={Murphy, Susan A and Van der Vaart, Aad W},
  journal={Journal of the American Statistical Association},
  volume={95},
  number={450},
  pages={449--465},
  year={2000},
  publisher={Taylor \& Francis Group}
}
                  

%%%%%%%%%%%%%%%%%%%%%%%%%%%%%%%%%%%%%%%%%%%%%%%%%%%%%%%%%%%%
%% Livros bacanas
%%%%%%%%%%%%%%%%%%%%%%%%%%%%%%%%%%%%%%%%%%%%%%%%%%%%%%%%%%%%
@book{ramsay2005functional,
  title={Functional Data Analysis},
  author={Ramsay, Jim and Ramsay, James and Silverman, BW},
  year={2005},
  publisher={Springer Science \& Business Media}
}

@book{fletcher2013practical,
  title={Practical methods of optimization},
  author={Fletcher, Roger},
  year={2013},
  publisher={John Wiley \& Sons}
}

@article{kirkpatrick1983optimization,
  title={Optimization by simulated annealing},
  author={Kirkpatrick, Scott and Gelatt, C Daniel and Vecchi, Mario P},
  journal={science},
  volume={220},
  number={4598},
  pages={671--680},
  year={1983},
  publisher={American association for the advancement of science}
}

@book{ruggiero1997calculo,
  title={C{\'a}lculo num{\'e}rico: aspectos te{\'o}ricos e computacionais},
  author={Ruggiero, M{\'a}rcia A Gomes and Lopes, Vera L{\'u}cia da Rocha},
  year={1997},
  publisher={Makron Books do Brasil}
}



%%%%%%%%%%%%%%%%%%%%%%%%%%%%%%%%%%%%%%%%%%%%%%%%%%
%% EM STUFF
%%%%%%%%%%%%%%%%%%%%%%%%%%%%%%%%%%%%%%%%%%%%%%%%%%

@book{mclachlan2007algorithm,
  title={The EM algorithm and extensions},
  author={McLachlan, Geoffrey and Krishnan, Thriyambakam},
  volume={382},
  year={2007},
  publisher={John Wiley \& Sons}
}


@article{dempster1977maximum,
  title={Maximum likelihood from incomplete data via the EM algorithm},
  author={Dempster, Arthur P and Laird, Nan M and Rubin, Donald B},
  journal={Journal of the Royal Statistical Society: Series B (Methodological)},
  volume={39},
  number={1},
  pages={1--22},
  year={1977},
  publisher={Wiley Online Library}
}

%%%%%%%%%%%%%%%%%%%%%%%%%%%%%%%%%%%%%%%%%%%%%%%%%%%%%%%%%%%%
%% MODEL BASED FUNCTIONAL CLUSTERING
%%%%%%%%%%%%%%%%%%%%%%%%%%%%%%%%%%%%%%%%%%%%%%%%%%%%%%%%%%%%

@article{jacques2014model,
  title={Model-based clustering for multivariate functional data},
  author={Jacques, Julien and Preda, Cristian},
  journal={Computational Statistics \& Data Analysis},
  volume={71},
  pages={92--106},
  year={2014},
  publisher={Elsevier}
}

%%%%%%%%%%%%%%%%%%%%%%%%%%%%%%%%%%%%%%%%%%%%%%%%%%%%%%%%%%%%
%% FDA Clustering
%%%%%%%%%%%%%%%%%%%%%%%%%%%%%%%%%%%%%%%%%%%%%%%%%%%%%%%%%%%%

@article{jacques2014functional,
  title={Functional data clustering: a survey},
  author={Jacques, Julien and Preda, Cristian},
  journal={Advances in Data Analysis and Classification},
  volume={8},
  number={3},
  pages={231--255},
  year={2014},
  publisher={Springer}
}



%%%%%%%%%%%%%%%%%%%%%%%%%%%%%%%%%%%%%%%%%%%%%%%%%%%%%%%%%%%%
%% Gaussian process mixtures
%%%%%%%%%%%%%%%%%%%%%%%%%%%%%%%%%%%%%%%%%%%%%%%%%%%%%%%%%%%%                  

% Nos GPs, inverter a covMatrix é de ordem O(n^3)
@article{liu2018gaussian,
  title={When Gaussian process meets big data: A review of scalable GPs},
  author={Liu, Haitao and Ong, Yew-Soon and Shen, Xiaobo and Cai, Jianfei},
  journal={arXiv preprint arXiv:1807.01065},
  year={2018}
}


% Artigo do qual verificou-se suas referências. Misturas de GP com estimação bayesiana               
@article{shi2005hierarchical,
  title={Hierarchical Gaussian process mixtures for regression},
  author={Shi, Jian Qing and Murray-Smith, Roderick and Titterington, DM},
  journal={Statistics and computing},
  volume={15},
  number={1},
  pages={31--41},
  year={2005},
  publisher={Springer}
}

%% Livro do Shi
@book{shi2011gaussian,
  title={Gaussian process regression analysis for functional data},
  author={Shi, Jian Qing and Choi, Taeryon},
  year={2011},
  publisher={Chapman and Hall/CRC}
}

%% Também de Shi, clusteriza GP
%%%% Usa B-Splines e EM, mas a predição parece ser bem mais ou menos
@article{shi2008curve,
  title={Curve prediction and clustering with mixtures of Gaussian process functional regression models},
  author={Shi, JQ and Wang, B},
  journal={Statistics and Computing},
  volume={18},
  number={3},
  pages={267--283},
  year={2008},
  publisher={Springer}
}

                  
%% Ref em GP mixtures
@inproceedings{tresp2001mixtures,
  title={Mixtures of Gaussian processes},
  author={Tresp, Volker},
  booktitle={Advances in neural information processing systems},
  pages={654--660},
  year={2001}
}



%%%%%%%%%%%%%%%%%%%%%%%%%%%%%%%%%%%%%%%%%%%%%%%%%%%%%%%%%%%%
%% ENERGIA ELÉTRICA NO BRASIL
%%%%%%%%%%%%%%%%%%%%%%%%%%%%%%%%%%%%%%%%%%%%%%%%%%%%%%%%%%%%

@Manual{PNE2030,
  title = 	 {Plano Nacional de Energia 2030},
  OPTkey = 	 {MME},
  OPTauthor = 	 {},
  organization = {Ministério de Minas e Energia},
  address = 	 {Brasília},
  OPTedition = 	 {},
  month = 	 {Novembro},
  year = 	 {2007},
  OPTnote = 	 {},
  url = {"http://www.mme.gov.br/documents/10584/1139260/Plano+Nacional+de+Energia+2030+%28PDF%29/ba957ba9-2439-4b28-ade5-60cf94612092?version=1.2"},
  OPTannote = 	 {}
}

@Manual{epe2018,
  title = {Balanço Energético Nacional -- Relatório Síntese},
  year = {2018},
  organization = {Empresa de Pesquisa Energética -- EPE},
  address = {Rio de Janeiro},
  url = {"http://www.epe.gov.br/sites-pt/publicacoes-dados-abertos/publicacoes/PublicacoesArquivos/publicacao-303/topico-397/Relat%C3%B3rio%20S%C3%ADntese%202018-ab%202017vff.pdf"}
}

% Pesquisa bacana sobre smart grid no nordeste
@article{nobre2019solar,
  title={Solar smart grid as a path to economic inclusion and adaptation to climate change in the Brazilian Semiarid Northeast},
  author={Nobre, Paulo and Pereira, Enio Bueno and Lacerda, Francinete Francis and Bursztyn, Marcel and Haddad, Eduardo Amaral and Ley, Debora},
  journal={International Journal of Climate Change Strategies and Management},
  year={2019},
  publisher={Emerald Publishing Limited}
}



%%%%%%%%%%%%%%%%%%%%%%%%%%%%%%%%%%%%%%%%%%%%%%%%%%%%%%%%%%%%
%% GAVIN STUFF
%%%%%%%%%%%%%%%%%%%%%%%%%%%%%%%%%%%%%%%%%%%%%%%%%%%%%%%%%%%%

@article{li2015development2,
  title={Development of low voltage network templates—Part II: Peak load estimation by clusterwise regression},
  author={Li, Ran and Gu, Chenghong and Li, Furong and Shaddick, Gavin and Dale, Mark},
  journal={IEEE Transactions on Power Systems},
  volume={30},
  number={6},
  pages={3045--3052},
  year={2015},
  publisher={IEEE}
}

@article{li2015development1,
  title={Development of low voltage network templates—Part I: Substation clustering and classification},
  author={Li, Ran and Gu, Chenghong and Li, Furong and Shaddick, Gavin and Dale, Mark},
  journal={IEEE Transactions on Power Systems},
  volume={30},
  number={6},
  pages={3036--3044},
  year={2015},
  publisher={IEEE}
}

%%%%%%%%%%%%%%%%%%%%%%%%%%%%%%%%%%%%%%%%%%%%%%%%%%%%%%%%%%%%
%% MODELO AGREGADO
%%%%%%%%%%%%%%%%%%%%%%%%%%%%%%%%%%%%%%%%%%%%%%%%%%%%%%%%%%%%

% Escolha do K
 @article{dias2007consistent,
  title={Consistent estimator for basis selection based on a proxy of the Kullback--Leibler distance},
  author={Dias, Ronaldo and Garcia, Nancy L},
  journal={Journal of econometrics},
  volume={141},
  number={1},
  pages={167--178},
  year={2007},
  publisher={Elsevier}
}


@article{dias2013hierarchical,
  title={A hierarchical model for aggregated functional data},
  author={Dias, Ronaldo and Garcia, Nancy L and Schmidt, Alexandra M},
  journal={Technometrics},
  volume={55},
  number={3},
  pages={321--334},
  year={2013},
  publisher={Taylor \& Francis Group}
}

@article{de2017switching,
  title={Switching nonparametric regression models for multi-curve data},
  author={De Souza, Camila PE and Heckman, Nancy E and Xu, Fan},
  journal={Canadian Journal of Statistics},
  volume={45},
  number={4},
  pages={442--460},
  year={2017},
  publisher={Wiley Online Library}
}
@article{de2014switching,
  title={Switching nonparametric regression models},
  author={de Souza, Camila PE and Heckman, Nancy E},
  journal={Journal of Nonparametric Statistics},
  volume={26},
  number={4},
  pages={617--637},
  year={2014},
  publisher={Taylor \& Francis}
}

@article{lenzi2017analysis,
  title={Analysis of aggregated functional data from mixed populations with application to energy consumption},
  author={Lenzi, Amanda and de Souza, Camila PE and Dias, Ronaldo and Garcia, Nancy L and Heckman, Nancy E},
  journal={Environmetrics},
  volume={28},
  number={2},
  pages={e2414},
  year={2017},
  publisher={Wiley Online Library}
}

@article{dias2009non,
  title={Non-parametric estimation for aggregated functional data for electric load monitoring},
  author={Dias, Ronaldo and Garcia, Nancy L and Martarelli, Angelo},
  journal={Environmetrics: The official journal of the International Environmetrics Society},
  volume={20},
  number={2},
  pages={111--130},
  year={2009},
  publisher={Wiley Online Library}
}

@article{dias2015aggregated,
  title={Aggregated functional data model for near-infrared spectroscopy calibration and prediction},
  author={Dias, Ronaldo and Garcia, Nancy L and Ludwig, Guilherme and Saraiva, Marley A},
  journal={Journal of Applied Statistics},
  volume={42},
  number={1},
  pages={127--143},
  year={2015},
  publisher={Taylor \& Francis}
}

% Dissertação Camila
@article{de2008testes,
  title={Testes de hip{\'o}teses para dados funcionais baseados em dist{\^a}ncias: um estudo usando splines},
  author={de Souza, C and Dias, Ronaldo},
  year={2008}
}

%%%%%%%%%%%%%%%%%%%%%%%%%%%%%%%%%%%%%%%%%%%%%%%%%%%%%%%%%%%%
%% BSS
%%%%%%%%%%%%%%%%%%%%%%%%%%%%%%%%%%%%%%%%%%%%%%%%%%%%%%%%%%%%

@inproceedings{amari1996new,
  title={A new learning algorithm for blind signal separation},
  author={Amari, Shun-ichi and Cichocki, Andrzej and Yang, Howard Hua},
  booktitle={Advances in neural information processing systems},
  pages={757--763},
  year={1996}
}

@article{cardoso1998blind,
  title={Blind signal separation: statistical principles},
  author={Cardoso, J-F},
  journal={Proceedings of the IEEE},
  volume={86},
  number={10},
  pages={2009--2025},
  year={1998},
  publisher={IEEE}
}


%%%%%%%%%%%%%%%%%%%%%%%%%%%%%%%%%%%%%%%%%%%%%%%%%%
%% Optimization
%%%%%%%%%%%%%%%%%%%%%%%%%%%%%%%%%%%%%%%%%%%%%%%%%%                  
@book{fletcher2013practical,
  title={Practical methods of optimization},
  author={Fletcher, Roger},
  year={2013},
  publisher={John Wiley \& Sons}
}

@Manual{rlang,
    title = {R: A Language and Environment for Statistical Computing},
    author = {{R Core Team}},
    organization = {R Foundation for Statistical Computing},
    address = {Vienna, Austria},
    year = {2019},
    url = {https://www.R-project.org/},
}


%%%%%%%%%%%%%%%%%%%%%%%%%%%%%%%%%%%%%%%%%%%%%%%%%%
% UK PROFILES  ----------------------------------
%%%%%%%%%%%%%%%%%%%%%%%%%%%%%%%%%%%%%%%%%%%%%%%%%%

% Inefficient individual profiling
@article{wilks2010demand,
  title={Demand Side Response: Conflict Between Supply and Network Driven Optimisation},
  author={Wilks, M},
  journal={A Report to DECC Nov},
  year={2010}
}



%%%%%%%%%%%%%%%%%%%%%%%%%%%%%%%%%%%%%%%%%%%%%%%%%%
% LOAD PROFILE SEPARATION ------------------------
%%%%%%%%%%%%%%%%%%%%%%%%%%%%%%%%%%%%%%%%%%%%%%%%%%

% Check who cited this
@inproceedings{zhu2014load,
  title={Load profile disaggregation by blind source separation: A wavelets-assisted independent component analysis approach},
  author={Zhu, Yongli and Lu, Songtao},
  booktitle={2014 IEEE PES General Meeting| Conference \& Exposition},
  pages={1--5},
  year={2014},
  organization={IEEE}
}

%% Review de disggregation                  
@inproceedings{schirmer2019evaluation,
  title={Evaluation of Regression Algorithms and Features on the Energy Disaggregation Task},
  author={Schirmer, Pascal A and Mporas, Iosif and Paraskevas, Michael},
  booktitle={2019 10th International Conference on Information, Intelligence, Systems and Applications (IISA)},
  pages={1--4},
  year={2019},
  organization={IEEE}
}

%% COnjunto de dados usado no artigo acima                  
@inproceedings{beckel2014eco,
  title={The ECO data set and the performance of non-intrusive load monitoring algorithms},
  author={Beckel, Christian and Kleiminger, Wilhelm and Cicchetti, Romano and Staake, Thorsten and Santini, Silvia},
  booktitle={Proceedings of the 1st ACM conference on embedded systems for energy-efficient buildings},
  pages={80--89},
  year={2014}
}


%%%%%%%%%%%%%%%%%%%%%%%%%%%%%%%%%%%%%%%%%%%%%%%%%%
% UK CENSUS ------------- ------------------------
%%%%%%%%%%%%%%%%%%%%%%%%%%%%%%%%%%%%%%%%%%%%%%%%%%

@TechReport{uk2011census,
  author = 	 {Office for National Statistics},
  title = 	 {2011 Census aggregate data},
  institution =  {UK Data Service},
  year = 	 {2016},
  OPTkey = 	 {},
  OPTtype = 	 {},
  OPTnumber = 	 {},
  address = 	 {DOI: http://dx.doi.org/10.5257/census/aggregate-2011-1},
  OPTmonth = 	 {},
  OPTnote = 	 {},
  OPTannote = 	 {}
}

%%%%%%%%%%%%%%%%%%%%%%%%%%%%%%%%%%%%%%%%%%%%%%%%%%
@article{lin2015advanced,
  title={An advanced home energy management system facilitated by nonintrusive load monitoring with automated multiobjective power scheduling},
  author={Lin, Yu-Hsiu and Tsai, Men-Shen},
  journal={IEEE Transactions on Smart Grid},
  volume={6},
  number={4},
  pages={1839--1851},
  year={2015},
  publisher={IEEE}
}

@article{hosseini2017non,
  title={Non-intrusive load monitoring through home energy management systems: A comprehensive review},
  author={Hosseini, Sayed Saeed and Agbossou, Kodjo and Kelouwani, Sousso and Cardenas, Alben},
  journal={Renewable and Sustainable Energy Reviews},
  volume={79},
  pages={1266--1274},
  year={2017},
  publisher={Elsevier}
}

@inproceedings{bilski2017generalized,
  title={Generalized algorithm for the non-intrusive identification of electrical appliances in the household},
  author={Bilski, Piotr and Winiecki, Wies{\l}aw},
  booktitle={2017 9th IEEE International Conference on Intelligent Data Acquisition and Advanced Computing Systems: Technology and Applications (IDAACS)},
  volume={2},
  pages={730--735},
  year={2017},
  organization={IEEE}
}

@inproceedings{schirmer2019integration,
  title={Integration of Temporal Contextual Information for Robust Energy Disaggregation},
  author={Schirmer, Pascal A and Mporas, Iosif},
  booktitle={2019 IEEE 38th International Performance Computing and Communications Conference (IPCCC)},
  pages={1--6},
  year={2019},
  organization={IEEE}
}

@article{basu2014nonintrusive,
  title={Nonintrusive load monitoring: A temporal multilabel classification approach},
  author={Basu, Kaustav and Debusschere, Vincent and Bacha, Seddik and Maulik, Ujjwal and Bondyopadhyay, Sanghamitra},
  journal={IEEE Transactions on industrial informatics},
  volume={11},
  number={1},
  pages={262--270},
  year={2014},
  publisher={IEEE}
}

@article{schirmer2020energy,
  title={Energy Disaggregation Using Two-Stage Fusion of Binary Device Detectors},
  author={Schirmer, Pascal A and Mporas, Iosif and Sheikh-Akbari, Akbar},
  journal={Energies},
  volume={13},
  number={9},
  pages={2148},
  year={2020},
  publisher={Multidisciplinary Digital Publishing Institute}
}

@inproceedings{kim2014electrical,
  title={Electrical event identification technique for monitoring home appliance load using load signatures},
  author={Kim, Youngwook and Kong, Seongbae and Ko, Rakkyung and Joo, Sung-Kwan},
  booktitle={2014 IEEE International Conference on Consumer Electronics (ICCE)},
  pages={296--297},
  year={2014},
  organization={IEEE}
}
